<?xml version="1.0" encoding="UTF-8"?><collection xmlns="http://www.loc.gov/MARC21/slim"><record><leader>00414nam--2200133-i-4500</leader><controlfield tag="001">000031605</controlfield><controlfield tag="002">20161230</controlfield><controlfield tag="005">20161230201038</controlfield><controlfield tag="008">060222s1000------------r-----000-0-eng-d</controlfield><datafield ind1=" " ind2=" " tag="080"><subfield code="a">539.125.5(047)(016):539.17(047)(016)</subfield></datafield><datafield ind1=" " ind2=" " tag="100"><subfield code="a">Mildner, D.F.R. And Stirling, G.C</subfield></datafield><datafield ind1=" " ind2=" " tag="245"><subfield code="a">Condensed matter research using pulsed neutron  sources:a bibliography</subfield></datafield><datafield ind1=" " ind2=" " tag="260"><subfield code="a">Chilton, Tutherford Lab., 1975. 33p</subfield></datafield><datafield ind1=" " ind2=" " tag="852"><subfield code="a">D.1359</subfield></datafield></record></collection>